<?xml version="1.0" encoding="UTF-8"?><collection xmlns="http://www.loc.gov/MARC21/slim"><record><leader>00486nam--2200181-u-4500</leader><controlfield tag="001">000053811</controlfield><controlfield tag="002">20161230</controlfield><controlfield tag="005">20170127233838</controlfield><controlfield tag="008">110622s1000------------r-----000-0-rus-d</controlfield><datafield ind1=" " ind2=" " tag="040"><subfield code="a">IFIN-HH</subfield></datafield><datafield ind1=" " ind2=" " tag="041"><subfield code="a">rus</subfield></datafield><datafield ind1="1" ind2=" " tag="100"><subfield code="a">Demianov, A. I</subfield></datafield><datafield ind1="1" ind2="0" tag="245"><subfield code="a">Iaderno-kaskadnii protess v plotnom vesestve</subfield><subfield code="c">A.I. Demianov; V.S. Murzin; L. I. Sariceva</subfield></datafield><datafield ind1=" " ind2=" " tag="260"><subfield code="a">Moskva</subfield><subfield code="b">Nauka</subfield><subfield code="c">1977</subfield></datafield><datafield ind1=" " ind2=" " tag="300"><subfield code="a">203 p</subfield></datafield><datafield ind1="1" ind2=" " tag="700"><subfield code="a">Sariceva, L.I</subfield></datafield><datafield ind1=" " ind2=" " tag="852"><subfield code="a">45976</subfield><subfield code="c">537:538</subfield></datafield><datafield ind1=" " ind2=" " tag="CAT"><subfield code="a">SYS</subfield><subfield code="c">20170127</subfield><subfield code="h">233838</subfield></datafield></record></collection>